@inproceedings{shin2017d,
  title={D-Cube: Dense-Block Detection in Terabyte-Scale Tensors},
  author={Shin, Kijung and Hooi, Bryan and Kim, Jisu and Faloutsos, Christos},
  booktitle={Proceedings of the Tenth ACM International Conference on Web Search and Data Mining},
  pages={681--689},
  year={2017},
  organization={ACM}
}

@inproceedings{jindal2015graph,
  title={Graph analytics using vertica relational database},
  author={Jindal, Alekh and Madden, Samuel and Castellanos, Mal{\'u} and Hsu, Meichun},
  booktitle={Big Data (Big Data), 2015 IEEE International Conference on},
  pages={1191--1200},
  year={2015},
  organization={IEEE}
}

@inproceedings{kang2009pegasus,
  title={Pegasus: A peta-scale graph mining system implementation and observations},
  author={Kang, U and Tsourakakis, Charalampos E and Faloutsos, Christos},
  booktitle={Data Mining, 2009. ICDM'09. Ninth IEEE International Conference on},
  pages={229--238},
  year={2009},
  organization={IEEE}
}

@inproceedings{jiang2015general,
  title={A general suspiciousness metric for dense blocks in multimodal data},
  author={Jiang, Meng and Beutel, Alex and Cui, Peng and Hooi, Bryan and Yang, Shiqiang and Faloutsos, Christos},
  booktitle={Data Mining (ICDM), 2015 IEEE International Conference on},
  pages={781--786},
  year={2015},
  organization={IEEE}
}

@inproceedings{shin2016m,
  title={M-zoom: Fast dense-block detection in tensors with quality guarantees},
  author={Shin, Kijung and Hooi, Bryan and Faloutsos, Christos},
  booktitle={Joint European Conference on Machine Learning and Knowledge Discovery in Databases},
  pages={264--280},
  year={2016},
  organization={Springer}
}

@article{kang2012gbase,
  title={Gbase: an efficient analysis platform for large graphs},
  author={Kang, U and Tong, Hanghang and Sun, Jimeng and Lin, Ching-Yung and Faloutsos, Christos},
  journal={The VLDB Journalâ€”The International Journal on Very Large Data Bases},
  volume={21},
  number={5},
  pages={637--650},
  year={2012},
  publisher={Springer-Verlag New York, Inc.}
}